<record><leader>00000cas a22000007a 4500</leader><controlfield tag="001">10928789</controlfield><controlfield tag="008">840709c19779999nyudn ne      0   a0eng c</controlfield><datafield ind1=" " ind2=" " tag="010"><subfield code="a">sn 84031376 </subfield></datafield><datafield ind1=" " ind2=" " tag="040"><subfield code="a">NYG</subfield><subfield code="b">eng</subfield><subfield code="c">NYG</subfield><subfield code="d">NYS</subfield><subfield code="d">NSD</subfield><subfield code="d">NYS</subfield><subfield code="d">OCLCQ</subfield><subfield code="d">ZEM</subfield><subfield code="d">OCLCQ</subfield><subfield code="d">OCLCF</subfield><subfield code="d">OCLCO</subfield></datafield><datafield ind1=" " ind2=" " tag="012"><subfield code="l">1</subfield><subfield code="m">1</subfield></datafield><datafield ind1="1" ind2=" " tag="022"><subfield code="a">1085-2123</subfield><subfield code="l">1085-2123</subfield><subfield code="2">1</subfield></datafield><datafield ind1=" " ind2=" " tag="032"><subfield code="a">215940</subfield><subfield code="b">USPS</subfield></datafield><datafield ind1=" " ind2=" " tag="037"><subfield code="b">Finger Lake Times, 218 Genesee St., Geneva, NY 14456</subfield></datafield><datafield ind1=" " ind2=" " tag="042"><subfield code="a">nsdp</subfield><subfield code="a">pcc</subfield></datafield><datafield ind1=" " ind2=" " tag="043"><subfield code="a">n-us-ny</subfield></datafield><datafield ind1=" " ind2="0" tag="222"><subfield code="a">Finger Lakes times</subfield></datafield><datafield ind1="0" ind2="0" tag="245"><subfield code="a">Finger Lakes times.</subfield></datafield><datafield ind1=" " ind2=" " tag="260"><subfield code="a">Geneva, N.Y. :</subfield><subfield code="b">[Geneva Print. Co.],</subfield><subfield code="c">1977-</subfield></datafield><datafield ind1=" " ind2=" " tag="300"><subfield code="a">v. :</subfield><subfield code="b">ill.</subfield></datafield><datafield ind1=" " ind2=" " tag="310"><subfield code="a">Daily (except Sunday)</subfield></datafield><datafield ind1="0" ind2=" " tag="362"><subfield code="a">83rd year, no. 29 (July 1, 1977)-</subfield></datafield><datafield ind1=" " ind2=" " tag="530"><subfield code="a">Also issued on microfilm from the Micro Photo Division, Bell &amp; Howell.</subfield></datafield><datafield ind1=" " ind2=" " tag="588"><subfield code="a">Latest issue consulted: Aug. 31, 1995.</subfield></datafield><datafield ind1=" " ind2="0" tag="651"><subfield code="a">Geneva (N.Y.)</subfield><subfield code="v">Newspapers.</subfield></datafield><datafield ind1=" " ind2="7" tag="655"><subfield code="a">Newspapers.</subfield><subfield code="2">fast</subfield><subfield code="0">(OCoLC)fst01423814</subfield></datafield><datafield ind1=" " ind2="7" tag="651"><subfield code="a">New York (State)</subfield><subfield code="z">Geneva.</subfield><subfield code="2">fast</subfield><subfield code="0">(OCoLC)fst01202948</subfield></datafield><datafield ind1=" " ind2=" " tag="752"><subfield code="a">United States</subfield><subfield code="b">New York</subfield><subfield code="c">Ontario</subfield><subfield code="d">Geneva.</subfield></datafield><datafield ind1="0" ind2="0" tag="780"><subfield code="t">Geneva times (Geneva, N.Y. : 1955)</subfield><subfield code="w">(DLC)sn 84031371</subfield></datafield><datafield ind1="4" ind2="1" tag="856"><subfield code="u">http://www.fltimes.com</subfield></datafield></record>